@article{atypical,
	doi = {10.1214/15-aos1325},
  
	url = {https://doi.org/10.1214%2F15-aos1325},
  
	year = 2015,
	month = {aug},
  
	publisher = {Institute of Mathematical Statistics},
  
	volume = {43},
  
	number = {4},
  
	author = {Nicolai Meinshausen and Peter BÃ¼hlmann},
  
	title = {Maximin effects in inhomogeneous large-scale data},
  
	journal = {The Annals of Statistics}
}

@article{ds,
author = {David J. Hand},
title = {{Classifier Technology and the Illusion of Progress}},
volume = {21},
journal = {Statistical Science},
number = {1},
publisher = {Institute of Mathematical Statistics},
pages = {1 -- 14},
keywords = {empirical comparisons, error rate, flat maximum effect, misclassification rate, population drift, principle of parsimony, problem uncertainty, selectivity bias, simplicity, Supervised classification},
year = {2006},
doi = {10.1214/088342306000000060},
URL = {https://doi.org/10.1214/088342306000000060}
}

@misc{duchi,
      title={Learning Models with Uniform Performance via Distributionally Robust Optimization}, 
      author={John Duchi and Hongseok Namkoong},
      year={2020},
      eprint={1810.08750},
      archivePrefix={arXiv},
      primaryClass={stat.ML}
}

% @misc{groupdro,
%       title={Distributionally Robust Neural Networks for Group Shifts: On the Importance of Regularization for Worst-Case Generalization}, 
%       author={Shiori Sagawa and Pang Wei Koh and Tatsunori B. Hashimoto and Percy Liang},
%       year={2020},
%       eprint={1911.08731},
%       archivePrefix={arXiv},
%       primaryClass={cs.LG}
% }
@inproceedings{
groupdro,
title={Distributionally Robust Neural Networks},
author={Shiori Sagawa* and Pang Wei Koh* and Tatsunori B. Hashimoto and Percy Liang},
booktitle={International Conference on Learning Representations},
year={2020},
url={https://openreview.net/forum?id=ryxGuJrFvS}
}

@misc{liu2023ranking,
      title={Ranking & Reweighting Improves Group Distributional Robustness}, 
      author={Yachuan Liu and Bohan Zhang and Qiaozhu Mei and Paramveer Dhillon},
      year={2023},
      eprint={2305.05759},
      archivePrefix={arXiv},
      primaryClass={cs.LG}
}
